<?xml version="1.0" encoding="UTF-8"?><collection xmlns="http://www.loc.gov/MARC21/slim"><record><leader>00417nam--2200133-i-4500</leader><controlfield tag="001">000047601</controlfield><controlfield tag="002">20161230</controlfield><controlfield tag="005">20161230201046</controlfield><controlfield tag="008">060222s1000------------r-----000-0-eng-d</controlfield><datafield ind1=" " ind2=" " tag="080"><subfield code="a">621.039.51(061.3)</subfield></datafield><datafield ind1=" " ind2=" " tag="245"><subfield code="a">Workshop on reactor physics calculations for applications in nuclear technology, 12 feb.-16 mar. 1990</subfield></datafield><datafield ind1=" " ind2=" " tag="260"><subfield code="a">Singapore, World Scientific, 1991, Ix + 743p</subfield></datafield><datafield ind1=" " ind2=" " tag="700"><subfield code="a">Cullen,D.E./S.A.</subfield></datafield><datafield ind1=" " ind2=" " tag="852"><subfield code="a">79974</subfield></datafield></record></collection>